@article{gavryushkina2015bayesian,
  title={Bayesian total evidence dating reveals the recent crown radiation of penguins},
  author={Gavryushkina, Alexandra and Heath, Tracy A and Ksepka, Daniel T and Stadler, Tanja and Welch, David and Drummond, Alexei J},
  journal={arXiv preprint arXiv:1506.04797},
  year={2015}
}

@article{ronquista2012,
  title={A total-evidence approach to dating with fossils, applied to the early radiation of the {H}ymenoptera.},
  author={Ronquist, Fredrik and Klopfstein, Seraina and Vilhelmsen, Lars and Schulmeister, Susanne and Murray, Debra and Rasnitsyn, Alexandr},
  journal={Systematic Biology},
  volume={61},
  number={6},
  pages={973-999},
  year={2012},
  doi={10.1093/sysbio/sys058},
  url={http://dx.doi.org/10.1093/sysbio/sys058}
}

@article{Ronquist2012mrbayes,
   author={Ronquist, F. and Teslenko, M. and van der Mark, P. and Ayres, D. L. and Darling, A. and Hohna, S. and Larget, B. and Liu, L. and Suchard, M. A. and Huelsenbeck, J. P.},
   title={{M}r{B}ayes 3.2: efficient {B}ayesian phylogenetic inference and model choice across a large model space},
   journal={Systematic Biology},
   volume={61},
   number={3},
   pages={539-42},
   year={2012}
}

@article{hayasaka1988molecular,
  title={Molecular phylogeny and evolution of primate mitochondrial DNA.},
  author={Hayasaka, Kenji and Gojobori, Takashi and Horai, Satoshi},
  journal={Molecular Biology and Evolution},
  volume={5},
  number={6},
  pages={626--644},
  year={1988},
  publisher={SMBE}
}

@article{stevens2013palaeontological,
  title={Palaeontological evidence for an Oligocene divergence between Old World monkeys and apes},
  author={Stevens, Nancy J and Seiffert, Erik R and Oâ€™Connor, Patrick M and Roberts, Eric M and Schmitz, Mark D and Krause, Cornelia and Gorscak, Eric and Ngasala, Sifa and Hieronymus, Tobin L and Temu, Joseph},
  journal={Nature},
  volume={497},
  number={7451},
  pages={611--614},
  year={2013},
  publisher={Nature Publishing Group}
}
